<?xml version="1.0" encoding="UTF-8"?><collection xmlns="http://www.loc.gov/MARC21/slim"><record><leader>00621nam--2200193-i-4500</leader><controlfield tag="001">000007048</controlfield><controlfield tag="002">20161230</controlfield><controlfield tag="005">20161230201027</controlfield><controlfield tag="008">060222s1000------------r-----000-0-fre-d</controlfield><datafield ind1=" " ind2=" " tag="040"><subfield code="a">IFIN-HH</subfield></datafield><datafield ind1=" " ind2=" " tag="041"><subfield code="a">fre</subfield></datafield><datafield ind1=" " ind2=" " tag="080"><subfield code="a">537.533</subfield></datafield><datafield ind1="1" ind2=" " tag="100"><subfield code="a">Boutry, G. A</subfield></datafield><datafield ind1="1" ind2="0" tag="245"><subfield code="a">Physique appliquee aux industries du vide et de l`electronique</subfield><subfield code="b">Tome i technique de vide; l'electron libre; l'electron producteur de lumiere</subfield><subfield code="c">G.a. boutry</subfield></datafield><datafield ind1=" " ind2=" " tag="260"><subfield code="a">Paris</subfield><subfield code="b">Masson &amp; Cie</subfield><subfield code="c">1962</subfield></datafield><datafield ind1=" " ind2=" " tag="300"><subfield code="a">388P</subfield></datafield><datafield ind1=" " ind2=" " tag="490"><subfield code="a">Collection Du Conservatoire National Des Arts Et Metiers</subfield></datafield><datafield ind1=" " ind2=" " tag="852"><subfield code="a">12803</subfield><subfield code="c">537.533</subfield></datafield><datafield ind1=" " ind2=" " tag="CAT"><subfield code="a">Sys</subfield><subfield code="c">20110812</subfield><subfield code="h">130944</subfield></datafield></record></collection>